

@article{andrews,
 ISSN = {00129682, 14680262},
 URL = {http://www.jstor.org/stable/2938229},
 abstract = {This paper is concerned with the estimation of covariance matrices in the presence of heteroskedasticity and autocorrelation of unknown forms. Currently available estimators that are designed for this context depend upon the choice of a lag truncation parameter and a weighting scheme. Results in the literature provide a condition on the growth rate of the lag truncation parameter as T → ∞ that is sufficient for consistency. No results are available, however, regarding the choice of lag truncation parameter for a fixed sample size, regarding data-dependent automatic lag truncation parameters, or regarding the choice of weighting scheme. In consequence, available estimators are not entirely operational and the relative merits of the estimators are unknown. This paper addresses these problems. The asymptotic truncated mean squared errors of estimators in a given class are determined and compared. Asymptotically optimal kernel/weighting scheme and bandwidth/lag truncation parameters are obtained using an asymptotic truncated mean squared error criterion. Using these results, data-dependent automatic bandwidth/lag truncation parameters are introduced. The finite sample properties of the estimators are analyzed via Monte Carlo simulation.},
 author = {Donald W. K. Andrews},
 journal = {Econometrica},
 number = {3},
 pages = {817--858},
 publisher = {[Wiley, Econometric Society]},
 title = {Heteroskedasticity and Autocorrelation Consistent Covariance Matrix Estimation},
 volume = {59},
 year = {1991}
}

@book{csorgo2014strong,
  title={Strong approximations in probability and statistics},
  author={Cs{\"o}rgo, Miklos and R{\'e}v{\'e}sz, P{\'a}l},
  year={2014},
  publisher={Academic Press}
}

@book{hannan2009multiple,
  title={Multiple time series},
  author={Hannan, Edward James},
  volume={38},
  year={2009},
  publisher={John Wiley \& Sons}
}

@article{flegal2010batch,
  title={Batch means and spectral variance estimators in Markov chain Monte Carlo},
  author={Flegal, James M and Jones, Galin L and others},
  journal={The Annals of Statistics},
  volume={38},
  number={2},
  pages={1034--1070},
  year={2010},
  publisher={Institute of Mathematical Statistics}
}

@article{kuelbs1980almost,
  title={Almost sure invariance principles for partial sums of mixing B-valued random variables},
  author={Kuelbs, James and Philipp, Walter},
  journal={The Annals of Probability},
  pages={1003--1036},
  year={1980},
  publisher={JSTOR}
}
@article{vats:fleg:jon:2018,
  title={Strong consistency of multivariate spectral variance estimators in {M}arkov chain {M}onte {C}arlo},
  author={Vats, Dootika and Flegal, James M and Jones, Galin L},
  journal={Bernoulli},
  volume={24},
  pages={1860--1909},
  year={2018},
  publisher={Bernoulli Society for Mathematical Statistics and Probability}
}
@article{stra:1964,
  title={An invariance principle for the law of the iterated logarithm},
  author={Strassen, Volker},
  journal={Zeitschrift f{\"u}r Wahrscheinlichkeitstheorie und Verwandte 
         Gebiete},
  volume={3},
  pages={211--226},
  year={1964}
}

@book{priestley1981spectral,
  title={Spectral analysis and time series: probability and mathematical statistics},
  author={Priestley, Maurice Bertram},
  number={04; QA280, P7.},
  year={1981}
}
@article{parzen1961approach,
  title={An approach to time series analysis},
  author={Parzen, Emanuel and others},
  journal={The Annals of Mathematical Statistics},
  volume={32},
  number={4},
  pages={951--989},
  year={1961},
  publisher={Institute of Mathematical Statistics}
}

@book{zeid:2013,
  title={Nonlinear functional analysis and its applications: III: variational methods and optimization},
  author={Zeidler, Eberhard},
  year={2013},
  publisher={Springer Science \& Business Media}
}

@article{gelman1991note,
  title={A note on bivariate distributions that are conditionally normal},
  author={Gelman, Andrew and Meng, Xiao-Li},
  journal={The American Statistician},
  volume={45},
  number={2},
  pages={125--126},
  year={1991},
  publisher={Taylor \& Francis}
}

@article{song1995optimal,
  title={Optimal mean-squared-error batch sizes},
  author={Song, Wheyming Tina and Schmeiser, Bruce W},
  journal={Management Science},
  volume={41},
  number={1},
  pages={110--123},
  year={1995},
  publisher={INFORMS}
}

@article{10.2307/1427459,
 ISSN = {00018678},
 URL = {http://www.jstor.org/stable/1427459},
 abstract = {It is shown how Markov chain theory can be exploited to study non-linear time series, the emphasis being on the classification into stationary and non-stationary models. A generalized h-step version of the Tweedie (1975), (1976) criteria is formulated, and applications are given to a number of non-linear models. New results are obtained, and known results are shown to emerge as special cases in both the scalar and vector case. A connection to stability theory is briefly discussed, and it is indicated how the Markov property can be utilized for estimation purposes.},
 author = {Dag Tjøstheim},
 journal = {Advances in Applied Probability},
 number = {3},
 pages = {587--611},
 publisher = {Applied Probability Trust},
 title = {Non-Linear Time Series and Markov Chains},
 volume = {22},
 year = {1990}
}

@book{box2015time,
  title={Time series analysis: forecasting and control},
  author={Box, George EP and Jenkins, Gwilym M and Reinsel, Gregory C and Ljung, Greta M},
  year={2015},
  publisher={John Wiley \& Sons}
}

@article{quenouille1947notes,
  title={Notes on the calculation of autocorrelations of linear autoregressive schemes},
  author={Quenouille, Maurice Henry},
  journal={Biometrika},
  volume={34},
  number={3/4},
  pages={365--367},
  year={1947},
  publisher={JSTOR}
}

@article{jones2004markov,
  title={On the Markov chain central limit theorem},
  author={Jones, Galin L and others},
  journal={Probability surveys},
  volume={1},
  number={299-320},
  pages={5--1},
  year={2004}
}

@article{arg:and:2006,
  title={Replicated batch means for steady-state simulations},
  author={Argon, Nilay Tan{\i}k and Andrad{\'o}ttir, Sigr{\'u}n},
  journal={Naval Research Logistics (NRL)},
  volume={53},
  pages={508--524},
  year={2006},
  publisher={Wiley Online Library}
}

@article{glynn1992asymptotic,
  title={The asymptotic validity of sequential stopping rules for stochastic simulations},
  author={Glynn, Peter W and Whitt, Ward and others},
  journal={The Annals of Applied Probability},
  volume={2},
  number={1},
  pages={180--198},
  year={1992},
  publisher={Institute of Mathematical Statistics}
}

@article{flegal2015relative,
  title={Relative fixed-width stopping rules for Markov chain Monte Carlo simulations},
  author={Flegal, James M and Gong, Lei},
  journal={Statistica Sinica},
  pages={655--675},
  year={2015},
  publisher={JSTOR}
}

@article{gong2016practical,
  title={A practical sequential stopping rule for high-dimensional Markov chain Monte Carlo},
  author={Gong, Lei and Flegal, James M},
  journal={Journal of Computational and Graphical Statistics},
  volume={25},
  number={3},
  pages={684--700},
  year={2016},
  publisher={Taylor \& Francis}
}

@article{gelman1992inference,
  title={Inference from iterative simulation using multiple sequences},
  author={Gelman, Andrew and Rubin, Donald B and others},
  journal={Statistical science},
  volume={7},
  number={4},
  pages={457--472},
  year={1992},
  publisher={Institute of Mathematical Statistics}
}

@article{vats2019multivariate,
  title={Multivariate output analysis for Markov chain Monte Carlo},
  author={Vats, Dootika and Flegal, James M and Jones, Galin L},
  journal={Biometrika},
  volume={106},
  number={2},
  pages={321--337},
  year={2019},
  publisher={Oxford University Press}
}

@article{bustos1986robust,
  title={Robust estimates for ARMA models},
  author={Bustos, Oscar H and Yohai, Victor J},
  journal={Journal of the American Statistical Association},
  volume={81},
  number={393},
  pages={155--168},
  year={1986},
  publisher={Taylor \& Francis}
}

@article{wilks1932certain,
  title={Certain generalizations in the analysis of variance},
  author={Wilks, Samuel S},
  journal={Biometrika},
  pages={471--494},
  year={1932},
  publisher={JSTOR}
}

@article{ma2000highly,
  title={Highly robust estimation of the autocovariance function},
  author={Ma, Yanyuan and Genton, Marc G},
  journal={Journal of time series analysis},
  volume={21},
  number={6},
  pages={663--684},
  year={2000},
  publisher={Wiley Online Library}
}